@book{pedagogie_cooperative_hierarchie,
series = {Pédagogies Outils},
abstract = {S'inscrivant dans la filiation des mouvements Freinet, de l'éducation nouvelle et des pédagogies actives, ce guide fournit des outils pour développer une pédagogie coopérative auprès des classes primaires. Il propose des éléments pour agir et réfléchir en faveur d'un projet porteur de solidarité et de liberté, capable d'articuler transmission et émancipation comme fondement des apprentissages},
publisher = {ESF éditeur},
booktitle = {Apprendre avec les pédagogies coopératives démarches et outils pour l'école},
isbn = {978-2-7101-3109-0},
year = {2010},
title = {Apprendre avec les pédagogies coopératives : démarches et outils pour l'école},
edition = {6\up{e}},
language = {fre},
address = {Issy-les-Moulineaux},
author = {Connac Sylvain},
keywords = {Enseignement -- Travail de groupe},
lccn = {978-2-7101-3109-0},
note = {pp. 56,57}
}

@book{ilots_bonifies,
series = {Pédagogie},
abstract = {Ce livre expose un système novateur de travail de groupe qui fédère les énergies des élèves en les rendant actifs à tous les stades du cours. Ce système rompt avec l'enseignement frontal qui ne correspond plus aux élèves "zappeurs" d'aujourd'hui. Il les remet tous au travail, y compris les "décrocheurs", sécurise les plus fragiles et redonne sa place à chacun. Marie Rivoire a formé des centaines de professeurs, toutes disciplines confondues, qui ont ensuite adopté la méthode avec toujours le même retour: un moral reboosté, des classes dynamisées, un élitisme détrôné, des résultats améliorés.},
publisher = {Génération 5},
booktitle = {Travailler en îlots bonifiés pour la réussite de tous},
isbn = {978-2-36246-040-1},
year = {2012},
title = {Travailler en îlots bonifiés : pour la réussite de tous},
language = {fre},
address = {Chambéry},
author = {Rivoire Marie},
keywords = {Enseignement -- Travail de groupe},
lccn = {978-2-36246-040-1},
}

@Misc{amenagement_classe,
howpublished = {\url{https://profpower.lelivrescolaire.fr/repenser-lamenagement-de-la-classe/}},
note = {Accédée le 13 mars 2019},
title = {Repenser l'aménagement de la classe},
year = {2018},
month = {janvier},
author = {Le Livre Scolaire}
}

@book{mepcs,
	author = {Le Bechec-Bonjean, Gaelle and Rouquès, Jean-Philippe and Staïner, Hélène},
	title = {Des maths ensemble et pour chacun - 6e},
	year = {2014},
	month = {02},
	editor = {CRDP des Pays de la Loire},
	series = {Agir},
	note = {Livre destiné aux enseignants couvrant le programme 2008}
}

@book{mepcc,
	author = {Staïner, Hélène and Rouquès, Jean-Philippe},
	title = {Des maths ensemble et pour chacun - 5e},
	year = {2010},
	month = {11},
	editor = {CRDP des Pays de la Loire},
	series = {Agir},
	note = {Livre destiné aux enseignants couvrant le programme 2008}
}

@book{mepcq,
	author = {Rouquès, Jean-Philippe and Staïner, Hélène},
	title = {Des maths ensemble et pour chacun - 4e},
	year = {2009},
	month = {10},
	editor = {CRDP des Pays de la Loire},
	series = {Agir},
	note = {Livre destiné aux enseignants couvrant le programme 2008}
}
